<?xml version="1.0" encoding="UTF-8"?><collection xmlns="http://www.loc.gov/MARC21/slim"><record><leader>00547nam--2200169-i-4500</leader><controlfield tag="001">000008744</controlfield><controlfield tag="002">20161230</controlfield><controlfield tag="005">20161230201027</controlfield><controlfield tag="008">060222s1000------------r-----000-0-eng-d</controlfield><datafield ind1=" " ind2=" " tag="040"><subfield code="a">IFIN-HH</subfield></datafield><datafield ind1=" " ind2=" " tag="080"><subfield code="a">539.12</subfield></datafield><datafield ind1="1" ind2=" " tag="100"><subfield code="a">Branscomb, Lewis M</subfield></datafield><datafield ind1="1" ind2="0" tag="245"><subfield code="a">The physics of electronic and atomic collisions: invited papers from the fifth international conference, leningrad, july 17-23, 1967</subfield><subfield code="c">Lewis m. branscomb (ed.)</subfield></datafield><datafield ind1=" " ind2=" " tag="260"><subfield code="a">Leningrad</subfield><subfield code="b">I.C.P.E.A.C</subfield><subfield code="c">1967</subfield></datafield><datafield ind1=" " ind2=" " tag="300"><subfield code="a">XVI + 200 P</subfield></datafield><datafield ind1=" " ind2=" " tag="852"><subfield code="a">30045</subfield><subfield code="c">539.12</subfield></datafield><datafield ind1=" " ind2=" " tag="CAT"><subfield code="a">Sys</subfield><subfield code="c">20111117</subfield><subfield code="h">120147</subfield></datafield></record></collection>